@INPROCEEDINGS{Boeke,

  author={Boke, Ulrich},

  booktitle={2007 European Conference on Power Electronics and Applications}, 

  title={A simple model of photovoltaic module electric characteristics}, 

  year={2007},

  volume={},

  number={},

  pages={1-8},

  keywords={Photovoltaic systems;Solar power generation;Electric variables;Voltage;Photovoltaic cells;Temperature;Solar radiation;Equations;Inverters;Impedance;Alternative energy;Generation of electrical energy;Photovoltaic;Device modelling},

  doi={10.1109/EPE.2007.4417572}}


@software{MATLAB,
year = {2022},
author = {The MathWorks Inc.},
title = {MATLAB},
publisher = {The MathWorks Inc.},
address = {Natick, Massachusetts, United States},
url = {https://www.mathworks.com}
}
